@article{pritchard2012,
  title={Antarctic ice-sheet loss driven by basal melting of ice shelves},
  author={Pritchard, HDx and Ligtenberg, SRM and Fricker, HA and Vaughan, DG and Van den Broeke, MR and Padman, L},
  journal={Nature},
  volume={484},
  number={7395},
  pages={502},
  year={2012},
  publisher={Nature Publishing Group}
}

@article{jenkins2018,
  title={West Antarctic Ice Sheet retreat in the Amundsen Sea driven by decadal oceanic variability},
  author={Jenkins, Adrian and Shoosmith, Deb and Dutrieux, Pierre and Jacobs, Stan and Kim, Tae Wan and Lee, Sang Hoon and Ha, Ho Kyung and Stammerjohn, Sharon},
  journal={Nature Geoscience},
  volume={11},
  pages={733--738},
  year={2018},
  publisher={Springer Nature}
}

@article{rintoul2016,
  title={Ocean heat drives rapid basal melt of the Totten Ice Shelf},
  author={Rintoul, Stephen Rich and Silvano, Alessandro and Pena-Molino, Beatriz and van Wijk, Esmee and Rosenberg, Mark and Greenbaum, Jamin Stevens and Blankenship, Donald D},
  journal={Science Advances},
  volume={2},
  number={12},
  pages={e1601610},
  year={2016},
  publisher={American Association for the Advancement of Science}
}

@article{minchew2018,
  title={Modeling the dynamic response of outlet glaciers to observed ice-shelf thinning in the Bellingshausen Sea Sector, West Antarctica},
  author={Minchew, Brent M and Gudmundsson, G Hilmar and Gardner, Alex S and Paolo, Fernando S and Fricker, Helen A},
  journal={Journal of Glaciology},
  volume={64},
  number={244},
  pages={333--342},
  year={2018},
  publisher={Cambridge University Press}
}

@article{joughin2011,
  title={Stability of the West Antarctic ice sheet in a warming world},
  author={Joughin, Ian and Alley, Richard B},
  journal={Nature Geoscience},
  volume={4},
  number={8},
  pages={506},
  year={2011},
  publisher={Nature Publishing Group}
}

@article{rignot2014,
  title={Widespread, rapid grounding line retreat of Pine Island, Thwaites, Smith, and Kohler glaciers, West Antarctica, from 1992 to 2011},
  author={Rignot, Eric and Mouginot, Jeremie and Morlighem, Mathieu and Seroussi, Helene and Scheuchl, Bernd},
  journal={Geophysical Research Letters},
  volume={41},
  number={10},
  pages={3502--3509},
  year={2014},
  publisher={Wiley Online Library}
}

@article{joughin2014,
  title={Marine ice sheet collapse potentially under way for the Thwaites Glacier Basin, West Antarctica},
  author={Joughin, Ian and Smith, Benjamin E and Medley, Brooke},
  journal={Science},
  volume={344},
  number={6185},
  pages={735--738},
  year={2014},
  publisher={American Association for the Advancement of Science}
}

@article{schoof2007,
  title={Ice sheet grounding line dynamics: Steady states, stability, and hysteresis},
  author={Schoof, Christian},
  journal={Journal of Geophysical Research: Earth Surface},
  volume={112},
  number={F3},
  year={2007},
  publisher={Wiley Online Library}
}

@article{gudmundsson2013,
  title={Ice-shelf buttressing and the stability of marine ice sheets},
  author={Gudmundsson, GH},
  journal={The Cryosphere},
  volume={7},
  number={2},
  pages={647--655},
  year={2013},
  publisher={Copernicus Publications on behalf of the European Geosciences Union}
}

@article{gagliardini2010,
  title={Coupling of ice-shelf melting and buttressing is a key process in ice-sheets dynamics},
  author={Gagliardini, Olivier and Durand, Ga{\"e}l and Zwinger, Thomas and Hindmarsh, RCA and Le Meur, Emmanuel},
  journal={Geophysical Research Letters},
  volume={37},
  number={14},
  year={2010},
  publisher={Wiley Online Library}
}

@article{reese2018,
  title={The far reach of ice-shelf thinning in Antarctica},
  author={Reese, Ronja and Gudmundsson, G Hilmar and Levermann, Anders and Winkelmann, Ricarda},
  journal={Nature Climate Change},
  volume={8},
  number={1},
  pages={53},
  year={2018},
  publisher={Nature Publishing Group}
}

@article{furst2016,
  title={The safety band of Antarctic ice shelves},
  author={F{\"u}rst, Johannes Jakob and Durand, Ga{\"e}l and Gillet-Chaulet, Fabien and Tavard, Laure and Rankl, Melanie and Braun, Matthias and Gagliardini, Olivier},
  journal={Nature Climate Change},
  volume={6},
  number={5},
  pages={479},
  year={2016},
  publisher={Nature Publishing Group}
}

@article{pegler2012,
  title={Dynamics of a viscous layer flowing radially over an inviscid ocean},
  author={Pegler, Samuel S and Worster, M Grae},
  journal={Journal of Fluid Mechanics},
  volume={696},
  pages={152--174},
  year={2012},
  publisher={Cambridge University Press}
}

@article{hoffman2018,
AUTHOR = {Hoffman, M. J. and Perego, M. and Price, S. F. and Lipscomb, W. H. and Zhang, T. and Jacobsen, D. and Tezaur, I. and Salinger, A. G. and Tuminaro, R. and Bertagna, L.},
TITLE = {MPAS-Albany Land Ice (MALI): a variable-resolution ice sheet model for Earth system modeling using Voronoi grids},
JOURNAL = {Geoscientific Model Development},
VOLUME = {11},
YEAR = {2018},
NUMBER = {9},
PAGES = {3747--3780},
URL = {https://www.geosci-model-dev.net/11/3747/2018/},
DOI = {10.5194/gmd-11-3747-2018}
}

@article{perego2014,
  title={Optimal initial conditions for coupling ice sheet models to Earth system models},
  author={Perego, Mauro and Price, Stephen and Stadler, Georg},
  journal={Journal of Geophysical Research: Earth Surface},
  volume={119},
  number={9},
  pages={1894--1917},
  year={2014},
  publisher={Wiley Online Library}
}

@article{rignot2011,
  title={Acceleration of the contribution of the Greenland and Antarctic ice sheets to sea level rise},
  author={Rignot, Eric and Velicogna, Isabella and van den Broeke, Michael R and Monaghan, Andrew and Lenaerts, Jan TM},
  journal={Geophysical Research Letters},
  volume={38},
  number={5},
  year={2011},
  publisher={Wiley Online Library}
}

@article{liefferinge2013,
  title={Using ice-flow models to evaluate potential sites of million year-old ice in Antarctica},
  author={Liefferinge, B Van and Pattyn, Frank},
  journal={Climate of the Past},
  volume={9},
  number={5},
  pages={2335--2345},
  year={2013},
  publisher={Copernicus GmbH}
}

@article{seroussi2014,
  title={Hydrostatic grounding line parameterization in ice sheet models},
  author={Seroussi, H and Morlighem, M and Larour, E and Rignot, E and Khazendar, A},
  journal={The Cryosphere},
  volume={8},
  number={6},
  pages={2075--2087},
  year={2014},
  publisher={Copernicus GmbH}
}

@article{fretwell2013,
  title={Bedmap2: improved ice bed, surface and thickness datasets for Antarctica},
  author={Fretwell, P and Pritchard, Hamish D and Vaughan, David G and Bamber, JL and Barrand, NE and Bell, R and Bianchi, C and Bingham, RG and Blankenship, DD and Casassa, G and others},
  year={2013},
  publisher={European Geosciences Union}
}

@article{asay2016,
  title={Experimental design for three interrelated marine ice sheet and ocean model intercomparison projects: MISMIP v. 3 (MISMIP+), ISOMIP v. 2 (ISOMIP+) and MISOMIP v. 1 (MISOMIP1)},
  author={Asay-Davis, Xylar S and Cornford, Stephen L and Durand, Ga{\"e}l and Galton-Fenzi, Benjamin K and Gladstone, Rupert M and Gudmundsson, Hilmar and Hattermann, Tore and Holland, David M and Holland, Denise and Holland, Paul R and others},
  journal={Geoscientific Model Development},
  volume={9},
  number={7},
  pages={2471--2497},
  year={2016},
  publisher={European Geosciences Union}
}

@phdthesis{wearing2016,
  author       = {Wearing, Martin}, 
  title        = {The Flow Dynamics and Buttressing of Ice Shelves},
  school       = {University of Cambridge},
  year         = 2016,
  month        = 7,
}


@Article{	  schoof2013,
  author	= {Schoof, C and Hewitt, I},
  title		= {{Ice-sheet dynamics}},
  journal	= {Annual Review of Fluid Mechanics},
  volume	= {45},
  pages		= {217--239},
  year		= {2013}
}

@Article{	  perego2012,
  author	= {Perego, Mauro and Gunzburger, Max and Burkardt, John},
  doi		= {10.3189/2012JoG11J063},
  file		= {:Users/mhoffman/Documents/PAPERS{\_}PRESENTATIONS/ARTICLES{\_}Mendeley/Perego,
		  Gunzburger, Burkardt - 2012 - Journal of Glaciology.pdf:pdf},
  issn		= {00221430},
  journal	= {Journal of Glaciology},
  month		= {feb},
  number	= {207},
  pages		= {76--88},
  title		= {{Parallel finite-element implementation for higher-order
		  ice-sheet models}},
  volume	= {58},
  year		= {2012}
}

@Article{	  tezaur2015a,
  author	= {Tezaur, Irina K. and Perego, M. and Salinger, A. G. and
		  Tuminaro, Raymond S. and Price, S.F.},
  doi		= {10.5194/gmd-8-1-2015},
  file		= {:Users/mhoffman/Documents/PAPERS{\_}PRESENTATIONS/ARTICLES{\_}Mendeley/Tezaur
		  et al. - 2015 - Geoscientific Model Development.pdf:pdf},
  issn		= {19919603},
  journal	= {Geoscientific Model Development},
  pages		= {1--24},
  title		= {{Albany/FELIX: a parallel, scalable and robust, finite
		  element, first-order Stokes approximation ice sheet solver
		  built for advanced analysis}},
  volume	= {8},
  year		= {2015}
}


@Article{	  tezaur2015b,
  author	= {Tezaur, Irina K. and Tuminaro, Raymond S. and Perego,
		  Mauro and Salinger, Andrew G. and Price, Stephen F.},
  doi		= {10.1016/j.procs.2015.05.467},
  file		= {:Users/mhoffman/Documents/PAPERS{\_}PRESENTATIONS/ARTICLES{\_}Mendeley/Tezaur
		  et al. - 2015 - Procedia Computer Science.pdf:pdf},
  issn		= {18770509},
  journal	= {Procedia Computer Science},
  keywords	= {algebraic multigrid,amg,antarctica,finite element
		  method,first-order stokes approximation,greenland,ice sheet
		  model,ilu,preconditioner,scalability,semi-coarsening},
  pages		= {2026--2035},
  publisher	= {Elsevier Masson SAS},
  title		= {{On the Scalability of the Albany/FELIX first-order Stokes
		  Approximation ice Sheet Solver for Large-Scale Simulations
		  of the Greenland and Antarctic ice Sheets}},
  volume	= {51},
  year		= {2015}
}

@article{gudmundsson2003,
    title={Transmission of basal variability to a glacier surface},
    author={Gudmundsson, G Hilmar},
    journal={Journal of Geophysical Research: Solid Earth},
    volume={108},
    number={B5},
    year={2003},
    publisher={Wiley Online Library}
}

@article{lick1970,
  title={The propagation of disturbances on glaciers},
  author={Lick, Wilbert},
  journal={Journal of Geophysical Research},
  volume={75},
  number={12},
  pages={2189--2197},
  year={1970},
  publisher={Wiley Online Library}
}

@article{barletta2018,
  title={Observed rapid bedrock uplift in Amundsen Sea Embayment promotes ice-sheet stability},
  author={Barletta, Valentina R and Bevis, Michael and Smith, Benjamin E and Wilson, Terry and Brown, Abel and Bordoni, Andrea and Willis, Michael and Khan, Shfaqat Abbas and Rovira-Navarro, Marc and Dalziel, Ian and others},
  journal={Science},
  volume={360},
  number={6395},
  pages={1335--1339},
  year={2018},
  publisher={American Association for the Advancement of Science}
}

@article{mercer1978,
  title={West Antarctic ice sheet and CO2 greenhouse effect: a threat of disaster},
  author={Mercer, John H},
  journal={Nature},
  volume={271},
  number={5643},
  pages={321},
  year={1978},
  publisher={Nature Publishing Group}
}

@article{schoof2012,
  title={Marine ice sheet stability},
  author={Schoof, Christian},
  journal={Journal of Fluid Mechanics},
  volume={698},
  pages={62--72},
  year={2012},
  publisher={Cambridge University Press}
}

@article{royston2016,
  title={Changes in ice-shelf buttressing following the collapse of Larsen A Ice Shelf, Antarctica, and the resulting impact on tributaries},
  author={Royston, Sam and Gudmundsson, G Hilmar},
  journal={Journal of Glaciology},
  volume={62},
  number={235},
  pages={905--911},
  year={2016},
  publisher={Cambridge University Press}
}

@article{mouginot2014,
  title={Sustained increase in ice discharge from the Amundsen Sea Embayment, West Antarctica, from 1973 to 2013},
  author={Mouginot, J and Rignot, E and Scheuchl, B},
  journal={Geophysical Research Letters},
  volume={41},
  number={5},
  pages={1576--1584},
  year={2014},
  publisher={Wiley Online Library}
}

@article{rignot2014,
  title={Widespread, rapid grounding line retreat of Pine Island, Thwaites, Smith, and Kohler glaciers, West Antarctica, from 1992 to 2011},
  author={Rignot, Eric and Mouginot, Jeremie and Morlighem, Mathieu and Seroussi, Helene and Scheuchl, Bernd},
  journal={Geophysical Research Letters},
  volume={41},
  number={10},
  pages={3502--3509},
  year={2014},
  publisher={Wiley Online Library}
}

@article{joughin2014,
  title={Marine ice sheet collapse potentially under way for the Thwaites Glacier Basin, West Antarctica},
  author={Joughin, Ian and Smith, Benjamin E and Medley, Brooke},
  journal={Science},
  volume={344},
  number={6185},
  pages={735--738},
  year={2014},
  publisher={American Association for the Advancement of Science}
}

@article{gudmundsson2012,
  title={The stability of grounding lines on retrograde slopes},
  author={Gudmundsson, Hilmar and Krug, J and Durand, G and Favier, L and Gagliardini, O},
  journal={The Cryosphere},
  volume={6},
  number={6},
  pages={1497--1505},
  year={2012},
  publisher={Coperincus}
}

@article{derydt2015,
  title={Modeling the instantaneous response of glaciers after the collapse of the Larsen B Ice Shelf},
  author={De Rydt, Jan and Gudmundsson, GH and Rott, H and Bamber, JL},
  journal={Geophysical Research Letters},
  volume={42},
  number={13},
  pages={5355--5363},
  year={2015},
  publisher={Wiley Online Library}
}

@incollection{morland1987,
  title={Unconfined ice-shelf flow},
  author={Morland, LW},
  booktitle={Dynamics of the West Antarctic Ice Sheet},
  pages={99--116},
  year={1987},
  publisher={Springer}
}

@book{hutter1983,
  title={Theoretical glaciology},
  author={Mutter, K},
  journal={Reidel Publ., Dordrecht, Netherlands},
  year={1983}
}

@article{JenkinsEtAl2016,
author = { and Jenkins, Adrian and Dutrieux, Pierre and Jacobs, Stan and Steig, Eric and Gudmundsson, Hilmar and Smith, James and Heywood, Karen},
doi = {10.5670/oceanog.2016.103},
file = {:Users/StephenPrice/Mendeley Desktop/2016/Jenkins et al. - Oceanography.pdf:pdf},
journal = {Oceanography},
mendeley-groups = {Ice / Ocean},
number = {4},
pages = {106--117},
title = {{Decadal Ocean Forcing and Antarctic Ice Sheet Response: Lessons from the Amundsen Sea}},
url = {http://gateway.webofknowledge.com/gateway/Gateway.cgi?GWVersion=2{\&}SrcAuth=mekentosj{\&}SrcApp=Papers{\&}DestLinkType=FullRecord{\&}DestApp=WOS{\&}KeyUT=000390560400013 papers2://publication/doi/10.5670/oceanog.2016.103},
volume = {29},
year = {2016}
}


